%% This BibTeX bibliography file was created using BibDesk.
%% http://bibdesk.sourceforge.net/

%% Created for Michael S Taylor at 2017-07-01 13:32:37 -0500 


%% Saved with string encoding Unicode (UTF-8) 



@book{gillespie2010population,
	Address = {Baltimore, MD},
	Author = {Gillespie, John H},
	Date-Added = {2017-07-01 13:48:11 +0000},
	Date-Modified = {2017-07-01 13:49:15 +0000},
	Publisher = {John Hopkins University Press},
	Title = {Population genetics: a concise guide},
	Year = {1998}}

@article{jungck2010mathematical,
	Author = {Jungck, John R and Gaff, Holly and Weisstein, Anton E},
	Date-Added = {2017-06-30 21:16:09 +0000},
	Date-Modified = {2017-06-30 21:16:09 +0000},
	Journal = {CBE-Life Sciences Education},
	Number = {3},
	Pages = {201--211},
	Publisher = {Am Soc Cell Biol},
	Title = {Mathematical manipulative models: In defense of “Beanbag Biology”},
	Volume = {9},
	Year = {2010}}

@manual{Felsenstein2016:popg,
	Address = {Seattle. http://evolution.gs.washington.edu/popgen/popg.html},
	Author = {Felsenstein, Joseph},
	Date-Added = {2017-06-30 16:15:06 +0000},
	Date-Modified = {2017-06-30 16:19:55 +0000},
	Organization = {University of Washington},
	Title = {{PopG 4.03}},
	Year = {2016}}

@manual{R-Core-Team:2016aa,
	Address = {Vienna, Austria. https://www.R-project.org/},
	Author = {{R Core Team}},
	Date-Added = {2017-06-30 16:04:14 +0000},
	Date-Modified = {2017-06-30 16:09:06 +0000},
	Organization = {R Foundation for Statistical Computing. },
	Title = {R: A Language and Environment for Statistical Computing.},
	Url = {https://www.R-project.org/},
	Year = {2016},
	Bdsk-Url-1 = {https://www.R-project.org/}}

@book{national2003bio2010,
	Author = {{\relax National Research Council}},
	Date-Added = {2017-06-29 21:18:26 +0000},
	Date-Modified = {2017-06-29 21:20:39 +0000},
	Publisher = {National Academies Press},
	Title = {B\textsc{io}2010: Transforming undergraduate education for future research biologists},
	Year = {2003}}

@article{hurney2011closing,
	Author = {Hurney, Carol A and Brown, Justin and Griscom, Heather Peckham and Kancler, Erika and Wigtil, Clifton J and Sundre, Donna},
	Date-Added = {2017-06-29 15:49:55 +0000},
	Date-Modified = {2017-06-29 15:52:02 +0000},
	Journal = {Journal of College Science Teaching},
	Number = {6},
	Pages = {18--23},
	Publisher = {National Science Teachers Association},
	Title = {Closing the loop: Involving faculty in the assessment of scientific and quantitative reasoning skills of biology majors},
	Volume = {40},
	Year = {2011}}

@article{marsteller2010beyond,
	Author = {Marsteller, Pat},
	Date-Added = {2017-06-29 15:17:06 +0000},
	Date-Modified = {2017-06-29 15:55:08 +0000},
	Journal = {CBE-Life Sciences Education},
	Number = {3},
	Pages = {141--142},
	Publisher = {Am Soc Cell Biol},
	Title = {Beyond \textsc{bio}2010: integrating biology and mathematics: collaborations, challenges, and opportunities},
	Volume = {9},
	Year = {2010}}

@techreport{american2011vision,
	Author = {{\relax American Association for the Advancement of Science} and others},
	Date-Added = {2017-06-29 14:38:29 +0000},
	Date-Modified = {2017-06-29 15:57:03 +0000},
	Institution = {American Association for the Advancement of Science},
	Journal = {Washington, DC},
	Month = {July},
	Title = {Vision and change in undergraduate biology education: a call to action},
	Type = {Final Report},
	Year = {2011}}
